@online{wiki:cpro,
   author = "Wikibooks",
   title = "C Programming --- Wikibooks{,} The Free Textbook Project",
   year = "2012",
   url = "http://en.wikibooks.org/w/index.php?title=C_Programming&oldid=2438192",
   cited = "5.\,ledna"
}
@online{pred:c,
   author = "Kamil Ek{\v{S}}tein",
   title = "Přednášky z předmětu KIV/PC",
   url = "http://www.kiv.zcu.cz/studies/predmety/pc/clectures.php",
   year = "2012",
   cited = "20.\,prosince"
}
